<record><leader>00000cas a2200000 a 4500</leader><controlfield tag="001">13053432</controlfield><controlfield tag="008">860123d18411847inuwr ne      0    0eng c</controlfield><datafield ind1=" " ind2=" " tag="010"><subfield code="a">sn 86058196 </subfield></datafield><datafield ind1=" " ind2=" " tag="040"><subfield code="a">NPI</subfield><subfield code="b">eng</subfield><subfield code="c">NPI</subfield><subfield code="d">DLC</subfield><subfield code="d">CVF</subfield><subfield code="d">OCLCQ</subfield><subfield code="d">OCLCF</subfield><subfield code="d">OCLCO</subfield><subfield code="d">IUL</subfield><subfield code="d">OCL</subfield></datafield><datafield ind1=" " ind2=" " tag="042"><subfield code="a">pcc</subfield></datafield><datafield ind1=" " ind2=" " tag="043"><subfield code="a">n-us-in</subfield></datafield><datafield ind1="0" ind2="0" tag="245"><subfield code="a">Free labor advocate, and antislavery chronicle.</subfield></datafield><datafield ind1="3" ind2="0" tag="246"><subfield code="a">Free labor advocate</subfield></datafield><datafield ind1=" " ind2=" " tag="260"><subfield code="a">New Garden, Ind. :</subfield><subfield code="b">Benjamin Stanton,</subfield><subfield code="c">1841-1847.</subfield></datafield><datafield ind1=" " ind2=" " tag="300"><subfield code="a">v. ;</subfield><subfield code="c">24-55 cm.</subfield></datafield><datafield ind1=" " ind2=" " tag="310"><subfield code="a">Weekly,</subfield><subfield code="b">Feb. 16, 1842-</subfield></datafield><datafield ind1=" " ind2=" " tag="321"><subfield code="a">Semimonthly (twice a month),</subfield><subfield code="b">Feb. 8, 1841-Jan. 27, 1842</subfield></datafield><datafield ind1="0" ind2=" " tag="362"><subfield code="a">Vol. 1, no. 1 (Feb. 8, 1841)-v. 6, no. 17 = whole no. 233 (Feb. 6, 1847).</subfield></datafield><datafield ind1=" " ind2=" " tag="500"><subfield code="a">Vol. 1, no. 1 (and possibly no. 2)--called simply: Free labor advocate.</subfield></datafield><datafield ind1=" " ind2="0" tag="650"><subfield code="a">Antislavery movements</subfield><subfield code="v">Newspapers.</subfield></datafield><datafield ind1=" " ind2="0" tag="651"><subfield code="a">New Garden (Ind. : Township)</subfield><subfield code="v">Newspapers.</subfield></datafield><datafield ind1=" " ind2="0" tag="651"><subfield code="a">Wayne County (Ind.)</subfield><subfield code="v">Newspapers.</subfield></datafield><datafield ind1=" " ind2="7" tag="650"><subfield code="a">Antislavery movements.</subfield><subfield code="2">fast</subfield><subfield code="0">(OCoLC)fst00810800</subfield></datafield><datafield ind1=" " ind2="7" tag="651"><subfield code="a">Indiana</subfield><subfield code="z">Wayne County.</subfield><subfield code="2">fast</subfield><subfield code="0">(OCoLC)fst01218729</subfield></datafield><datafield ind1=" " ind2="7" tag="651"><subfield code="a">Indiana</subfield><subfield code="z">New Garden (Township)</subfield><subfield code="2">fast</subfield><subfield code="0">(OCoLC)fst01335389</subfield></datafield><datafield ind1=" " ind2="7" tag="655"><subfield code="a">Newspapers.</subfield><subfield code="2">fast</subfield><subfield code="0">(OCoLC)fst01423814</subfield></datafield><datafield ind1=" " ind2=" " tag="752"><subfield code="a">United States</subfield><subfield code="b">Indiana</subfield><subfield code="c">Wayne</subfield><subfield code="d">New Garden.</subfield></datafield><datafield ind1="0" ind2="0" tag="785"><subfield code="t">Anti-slavery chronicle and free labor advocate</subfield><subfield code="w">(DLC)sn 86058199</subfield><subfield code="w">(OCoLC)12653464</subfield></datafield></record>